@article{linden2021heterogeneity,
  title={Heterogeneity of research results: A new perspective from which to assess and promote progress in psychological science},
  author={Linden, Audrey Helen and H{\"o}nekopp, Johannes},
  journal={Perspectives on Psychological Science},
  volume={16},
  number={2},
  pages={358--376},
  year={2021},
  publisher={Sage Publications Sage CA: Los Angeles, CA},
  url={https://doi.org/10.1177/1745691620964193}
}

@article{linden2023publication,
  title={Publication Bias in Psychology: A Closer Look at the Correlation Between Sample Size and Effect Size},
  author={Linden, Audrey Helen and Pollet, Thomas V and H{\"o}nekopp, Johannes},
  year={2023},
  journal={PsyArXiv},
  url={https://doi.org/10.31234/osf.io/s4znd}
}

@article{van2021preregistration,
  title={Preregistration of secondary data analysis: A template and tutorial},
  author={Van den Akker, Olmo and Weston, Sara and Campbell, Lorne and Chopik, Bill and Damian, Rodica and Davis-Kean, Pamela and Hall, Andrew and Kosie, Jessica and Kruse, Elliott and Olsen, Jerome and others},
  journal={Meta-psychology},
  volume={5},
  pages={2625},
  year={2021},
  url={https://doi.org/10.15626/MP.2020.2625}
}


@article{cafri2010meta,
  title={A meta-meta-analysis: Empirical review of statistical power, type I error rates, effect sizes, and model selection of meta-analyses published in psychology},
  author={Cafri, Guy and Kromrey, Jeffrey D and Brannick, Michael T},
  journal={Multivariate Behavioral Research},
  volume={45},
  number={2},
  pages={239--270},
  year={2010},
  publisher={Taylor \& Francis}
}

@article{szucs2017empirical,
  title={Empirical assessment of published effect sizes and power in the recent cognitive neuroscience and psychology literature},
  author={Szucs, Denes and Ioannidis, John PA},
  journal={PLoS biology},
  volume={15},
  number={3},
  pages={e2000797},
  year={2017},
  publisher={Public Library of Science San Francisco, CA USA}
}

@article{sassenberg2019research,
  title={Research in social psychology changed between 2011 and 2016: Larger sample sizes, more self-report measures, and more online studies},
  author={Sassenberg, Kai and Ditrich, Lara},
  journal={Advances in Methods and Practices in Psychological Science},
  volume={2},
  number={2},
  pages={107--114},
  year={2019},
  publisher={Sage Publications Sage CA: Los Angeles, CA}
}

@article{marszalek2011sample,
  title={Sample size in psychological research over the past 30 years},
  author={Marszalek, Jacob M and Barber, Carolyn and Kohlhart, Julie and Cooper, B Holmes},
  journal={Perceptual and motor skills},
  volume={112},
  number={2},
  pages={331--348},
  year={2011},
  publisher={SAGE Publications Sage CA: Los Angeles, CA}
}

@article{shen2011samples,
  title={Samples in applied psychology: over a decade of research in review.},
  author={Shen, Winny and Kiger, Thomas B and Davies, Stacy E and Rasch, Rena L and Simon, Kara M and Ones, Deniz S},
  journal={Journal of Applied Psychology},
  volume={96},
  number={5},
  pages={1055},
  year={2011},
  publisher={American Psychological Association}
}

@Manual{campeley2020pwr,
    title = {pwr: Basic Functions for Power Analysis},
    author = {Stephane Champely},
    year = {2020},
    note = {R package version 1.3-0},
    url = {https://CRAN.R-project.org/package=pwr},
  }

@Book{venables2002modern,
    title = {Modern Applied Statistics with S},
    author = {W. N. Venables and B. D. Ripley},
    publisher = {Springer},
    edition = {Fourth},
    address = {New York},
    year = {2002},
    note = {ISBN 0-387-95457-0},
    url = {https://www.stats.ox.ac.uk/pub/MASS4/},
  }
  
@article{dickersin1990existence,
  title={The existence of publication bias and risk factors for its occurrence},
  author={Dickersin, Kay},
  journal={Jama},
  volume={263},
  number={10},
  pages={1385--1389},
  year={1990},
  publisher={American Medical Association}
}

@article{cribari2010betareg,
    title = {Beta Regression in {R}},
    author = {Francisco Cribari-Neto and Achim Zeileis},
    journal = {Journal of Statistical Software},
    year = {2010},
    volume = {34},
    number = {2},
    pages = {1--24},
    doi = {10.18637/jss.v034.i02},
  }
  
@article{caldwell2022exploring,
  title={Exploring equivalence testing with the updated TOSTER R Package},
  author={Caldwell, Aaron R},
  year={2022},
  publisher={PsyArXiv}
}

@article{lakens2017equivalence,
  title={Equivalence tests: A practical primer for t tests, correlations, and meta-analyses},
  author={Lakens, Dani{\"e}l},
  journal={Social psychological and personality science},
  volume={8},
  number={4},
  pages={355--362},
  year={2017},
  publisher={Sage Publications Sage CA: Los Angeles, CA}
}

@article{kullback1951information,
  title={On information and sufficiency},
  author={Kullback, Solomon and Leibler, Richard A},
  journal={The annals of mathematical statistics},
  volume={22},
  number={1},
  pages={79--86},
  year={1951},
  publisher={JSTOR}
}

@book{light1984summing,
  title={Summing up: The science of reviewing research},
  author={Light, Richard J and Pillemer, David B},
  year={1984},
  publisher={Harvard University Press}
}

@article{klein2018many,
author = {Richard A. Klein and Michelangelo Vianello and Fred Hasselman and Byron G. Adams and Reginald B. Adams, Jr. and Sinan Alper and Mark Aveyard and Jordan R. Axt and Mayowa T. Babalola and Štěpán Bahník and Rishtee Batra and Mihály Berkics and Michael J. Bernstein and Daniel R. Berry and Olga Bialobrzeska and Evans Dami Binan and Konrad Bocian and Mark J. Brandt and Robert Busching and Anna Cabak Rédei and Huajian Cai and Fanny Cambier and Katarzyna Cantarero and Cheryl L. Carmichael and Francisco Ceric and Jesse Chandler and Jen-Ho Chang and Armand Chatard and Eva E. Chen and Winnee Cheong and David C. Cicero and Sharon Coen and Jennifer A. Coleman and Brian Collisson and Morgan A. Conway and Katherine S. Corker and Paul G. Curran and Fiery Cushman and Zubairu K. Dagona and Ilker Dalgar and Anna Dalla Rosa and William E. Davis and Maaike de Bruijn and Leander De Schutter and Thierry Devos and Marieke de Vries and Canay Doğulu and Nerisa Dozo and Kristin Nicole Dukes and Yarrow Dunham and Kevin Durrheim and Charles R. Ebersole and John E. Edlund and Anja Eller and Alexander Scott English and Carolyn Finck and Natalia Frankowska and Miguel-Ángel Freyre and Mike Friedman and Elisa Maria Galliani and Joshua C. Gandi and Tanuka Ghoshal and Steffen R. Giessner and Tripat Gill and Timo Gnambs and Ángel Gómez and Roberto González and Jesse Graham and Jon E. Grahe and Ivan Grahek and Eva G. T. Green and Kakul Hai and Matthew Haigh and Elizabeth L. Haines and Michael P. Hall and Marie E. Heffernan and Joshua A. Hicks and Petr Houdek and Jeffrey R. Huntsinger and Ho Phi Huynh and Hans IJzerman and Yoel Inbar and Åse H. Innes-Ker and William Jiménez-Leal and Melissa-Sue John and Jennifer A. Joy-Gaba and Roza G. Kamiloğlu and Heather Barry Kappes and Serdar Karabati and Haruna Karick and Victor N. Keller and Anna Kende and Nicolas Kervyn and Goran Knežević and Carrie Kovacs and Lacy E. Krueger and German Kurapov and Jamie Kurtz and Daniël Lakens and Ljiljana B. Lazarević and Carmel A. Levitan and Neil A. Lewis, Jr. and Samuel Lins and Nikolette P. Lipsey and Joy E. Losee and Esther Maassen and Angela T. Maitner and Winfrida Malingumu and Robyn K. Mallett and Satia A. Marotta and Janko Međedović and Fernando Mena-Pacheco and Taciano L. Milfont and Wendy L. Morris and Sean C. Murphy and Andriy Myachykov and Nick Neave and Koen Neijenhuijs and Anthony J. Nelson and Félix Neto and Austin Lee Nichols and Aaron Ocampo and Susan L. O’Donnell and Haruka Oikawa and Masanori Oikawa and Elsie Ong and Gábor Orosz and Malgorzata Osowiecka and Grant Packard and Rolando Pérez-Sánchez and Boban Petrović and Ronaldo Pilati and Brad Pinter and Lysandra Podesta and Gabrielle Pogge and Monique M. H. Pollmann and Abraham M. Rutchick and Patricio Saavedra and Alexander K. Saeri and Erika Salomon and Kathleen Schmidt and Felix D. Schönbrodt and Maciej B. Sekerdej and David Sirlopú and Jeanine L. M. Skorinko and Michael A. Smith and Vanessa Smith-Castro and Karin C. H. J. Smolders and Agata Sobkow and Walter Sowden and Philipp Spachtholz and Manini Srivastava and Troy G. Steiner and Jeroen Stouten and Chris N. H. Street and Oskar K. Sundfelt and Stephanie Szeto and Ewa Szumowska and Andrew C. W. Tang and Norbert Tanzer and Morgan J. Tear and Jordan Theriault and Manuela Thomae and David Torres and Jakub Traczyk and Joshua M. Tybur and Adrienn Ujhelyi and Robbie C. M. van Aert and Marcel A. L. M. van Assen and Marije van der Hulst and Paul A. M. van Lange and Anna Elisabeth van ’t Veer and Alejandro Vásquez- Echeverría and Leigh Ann Vaughn and Alexandra Vázquez and Luis Diego Vega and Catherine Verniers and Mark Verschoor and Ingrid P. J. Voermans and Marek A. Vranka and Cheryl Welch and Aaron L. Wichman and Lisa A. Williams and Michael Wood and Julie A. Woodzicka and Marta K. Wronska and Liane Young and John M. Zelenski and Zeng Zhijia and Brian A. Nosek},
title ={Many Labs 2: Investigating Variation in Replicability Across Samples and Settings},
journal = {Advances in Methods and Practices in Psychological Science},
volume = {1},
number = {4},
pages = {443-490},
year = {2018},
doi = {10.1177/2515245918810225},
URL = {https://doi.org/10.1177/2515245918810225},
eprint = {https://doi.org/10.1177/2515245918810225}
}

@article{rodriguez2022psymetadata,
  title     = "Psymetadata: An {R} package containing open datasets from
               meta-analyses in psychology",
  author    = "Rodriguez, Josue E and Williams, Donald R",
  journal   = "J. Open Psychol. Data",
  publisher = "Ubiquity Press, Ltd.",
  volume    =  10,
  number    =  1,
  pages     = "8",
  month     =  may,
  year      =  2022
}

  @article{lakens2017equivalence,
  title={Equivalence tests: A practical primer for t tests, correlations, and meta-analyses},
  author={Lakens, Dani{\"e}l},
  journal={Social psychological and personality science},
  volume={8},
  number={4},
  pages={355--362},
  year={2017},
  publisher={Sage Publications Sage CA: Los Angeles, CA}
}

@article{lakens2014performing,
  title={Performing high-powered studies efficiently with sequential analyses},
  author={Lakens, Dani{\"e}l},
  journal={European Journal of Social Psychology},
  volume={44},
  number={7},
  pages={701--710},
  year={2014},
  publisher={Wiley Online Library}
}

 @Manual{kernsmooth_2023,
    title = {KernSmooth: Functions for Kernel Smoothing Supporting Wand & Jones (1995)},
    author = {Matt Wand},
    year = {2023},
    note = {R package version 2.23-22},
    url = {https://CRAN.R-project.org/package=KernSmooth},
  }

@article{smithson2006better,
  title={A better lemon squeezer? Maximum-likelihood regression with beta-distributed dependent variables.},
  author={Smithson, Michael and Verkuilen, Jay},
  journal={Psychological methods},
  volume={11},
  number={1},
  pages={54},
  year={2006},
  publisher={American Psychological Association},
  doi={https://doi.org/10.1037/1082-989X.11.1.54}
}

@article{sheather1991reliable,
  title={A reliable data-based bandwidth selection method for kernel density estimation},
  author={Sheather, Simon J and Jones, Michael C},
  journal={Journal of the Royal Statistical Society: Series B (Methodological)},
  volume={53},
  number={3},
  pages={683--690},
  year={1991},
  publisher={Wiley Online Library}
}
  